@article{artigo_bateria,
  title={Estudo e implementação computacional de sistema de
armazenamento de energia com conexão direta ao
sistema elétrico},
  author={Camila de Oliveira Dias},
  year={2020},
  publisher={Universidade Federal de Uberlândia}
  
}

@article{datasheet_regulador,
 title={LM2596 - Power Converter 150-kHz, 3-A Step-Down Voltage Regulator},
  author={Texas Instruments},
  year={1999}
  
}

@article{datasheet_bateria,
 title={Bateria lítio ferro-fosfato LiFePO4 - UPLFP12-30},
  author={Unipower},
  year={2017},
  publisher= {São Paulo, Brasil}
}


@article{purdy2010iso,
  title={ISO 31000: 2009—setting a new standard for risk management},
  author={Purdy, Grant},
  journal={Risk Analysis: An International Journal},
  volume={30},
  number={6},
  pages={881--886},
  year={2010},
  publisher={Wiley Online Library}
  
}

@misc{cohn_RiskBurndown_blog2010,
  title={Managing Risk on Agile Projects with the Risk Burndown Chart},
  author={Mike Cohn},
  howpublished = {Blog post at Mountain Goat Software \url{https://www.mountaingoatsoftware.com/blog/managing-risk-on-agile-projects-with-the-risk-burndown-chart}},
  month = {April 8},
  year={2010},
}

@misc{AeroExpo,
  title={DGS},
  howpublished = {Drone ground station AeroExpo \url{https://www.aeroexpo.online/prod/birdpilot/product-181429-23018.html}},
  year={2010},
}

@BOOK {sutton,
    author    = "George P. Sutton",
    author    = "Oscar Biblarz",
    title     = "Rocket Propulsion Elements",
    publisher = "Wiley",
    year      = "2016",
    edition   = "9th ed."
}

@inproceedings{licorish2016adoption,
  title={Adoption and suitability of software development methods and practices},
  author={Licorish, Sherlock A and Holvitie, Johannes and Hyrynsalmi, Sami and Lepp{\"a}nen, Ville and Sp{\'\i}nola, Rodrigo O and Mendes, Thiago S and MacDonell, Stephen G and Buchan, Jim},
  booktitle={2016 23rd Asia-Pacific Software Engineering Conference (APSEC)},
  pages={369--372},
  year={2016},
  organization={IEEE}
}

@article{leite2019survey,
  title={A Survey of DevOps Concepts and Challenges},
  author={Leite, Leonardo and Rocha, Carla and Kon, Fabio and Milojicic, Dejan and Meirelles, Paulo},
  journal={ACM Computing Surveys (CSUR)},
  volume={52},
  number={6},
  pages={1--35},
  year={2019},
  publisher={ACM New York, NY, USA}
}

@article{gren2015prospects,
  title={The prospects of a quantitative measurement of agility: A validation study on an agile maturity model},
  author={Gren, Lucas and Torkar, Richard and Feldt, Robert},
  journal={Journal of Systems and Software},
  volume={107},
  pages={38--49},
  year={2015},
  publisher={Elsevier}
}

@article{gren2020agile,
  title={Agile ways of working: a team maturity perspective},
  author={Gren, Lucas and Goldman, Alfredo and Jacobsson, Christian},
  journal={Journal of Software: Evolution and Process},
  volume={32},
  number={6},
  pages={e2244},
  year={2020},
  publisher={Wiley Online Library}
}

@misc{5w1hUFMG,
 title   ={5W1H: Aprenda a Elaborar um Plano de Ação},
 url     ={https://ucj.com.br/blog/estrategia/5w1h-plano-de-acao},
 organization={UFMG},
 year= 2018,
 urlaccessdate={25 set. 2020}
}

@misc{santella_MatrizSWOT_blog2020,
  title={Tudo sobre Matriz SWOT: o que é, passo a passo e dicas para aplicar no planejamento estratégico},
  author={José Santella},
  howpublished = {Postado no Blog da EUAX Consulting \url{https://www.euax.com.br/2020/03/matriz-swot/}},
  month = {March 25},
  year={2020},
}

@MISC {capitalrocketteam2020,
    author = "Capital Rocket Team",
    title  = "CDR: Foguete Daedalus 2",
    howpublished = {No prelo. Solicitação ao autor: capitalrocketteam@gmail.com},
    year   = "2020"
}

@article{datasheet_ESP32,
 title={ESP32 Series - Datasheet},
  author={ ESPRESSIF SYSTEMS },
  howpublished = {\url{https://www.espressif.com/sites/default/files/documentation/esp32_datasheet_en.pdf}},
  year={2020},
  publisher={SHANGHAI}
}

@misc{mattede_Sensores_blog2020,
  title={O que são sensores e quais as suas aplicações?},
  author={Henrique Mattede},
  howpublished = {Postado no Blog Mundo da Elétrica \url{https://www.mundodaeletrica.com.br/o-que-sao-sensores-e-quais-as-suas-aplicacoes/}},
  month = {},
  year={2020},
}

@article{datasheet_BMP280,
 title={BMP280 Digital Pressure Sensor - Datasheet},
  author={Bosh Sensortec},
  howpublished = {\url{https://www.bosch-sensortec.com/media/boschsensortec/downloads/datasheets/bst-bmp280-ds001.pdf}},
  year={2018},
  publisher= {Bosh Sensortec}
}

@misc{figura_BMP280,
  title={Sensor de Pressão e Temperatura BMP280},
  author={ArduinoMega},
  howpublished = {Postado no site ArduinoMega \url{https://www.arduinomega.com.br/sensor-de-pressao-e-temperatura-bmp280?utm_source=Site&utm_medium=GoogleMerchant&utm_campaign=GoogleMerchant&gclid=Cj0KCQjwqrb7BRDlARIsACwGad68AEoWjak1_QuELo5fhFWaW_s0QIs4hG7icQj33YHxmeyIdL28RjwaAiXaEALw_wcB}},
  month = {},
  year={},
}

@misc{grusin_Tutorial_2018,
  title={BMP180 Barometric Pressure Sensor Hookup},
  author={Mike Grusin},
  howpublished = {Posted on Sparkfun Tutorials \url{https://learn.sparkfun.com/tutorials/bmp180-barometric-pressure-sensor-hookup-/measuring-weather-and-altitude}},
  month = {},
  year={2018},
}

@misc{cia_BMP280_2017,
  title={Use o BMP280 para medir temperatura, pressão e altitude},
  author={Arduino Cia},
  howpublished = {Postado no Blog Arduino e Cia \url{https://www.arduinoecia.com.br/bmp280-pressao-temperatura-altitude/}},
  month = {},
  year={2017},
}

@misc{fisica_GPS_2020,
  title={GPS - O que é, como funciona},
  author={Virtuous Tecnologia da Informação},
  howpublished = {Postado no Blog Só Física \url{https://www.sofisica.com.br/conteudos/curiosidades/gps.php}},
  month = {},
  year={2020},
}

@article{datasheet_GPS,
 title={NEO-6 u-blox 6 GPS Modules - Data Sheet},
  author={Ublox},
  howpublished = {\url{https://www.u-blox.com/sites/default/files/products/documents/NEO-6_DataSheet_%28GPS.G6-HW-09005%29.pdf}},
  year={},
  publisher= {Ublox}
}


@misc{figura_GPS,
  title={Módulo GPS GY-NEO6MV2 com Antena},
  author={Robocore},
  howpublished = {Postado no site RoboCore.net \url{https://www.robocore.net/loja/sensores/modulo-gps-gy-neo6mv2-com-antena?gclid=Cj0KCQjwqrb7BRDlARIsACwGad5podJqlfjI28dQa5-f1IDrr-LuDgXl38V4OW2dWrA7-_xkroNyn68aAj93EALw_wcB}},
  month = {},
  year={2020},
}

@misc{omega_celulacarga,
  title={Célula de Carga},
  author={OMEGA Engineering},
  howpublished = {Posted on OMEGA Engineering Company Blog},
  month = {},
  year={2020},
}

@misc{figura_celula,
  title={Célula De Carga 50Kg - Sensor De Peso},
  author={Eletrogate},
  howpublished = {Postado no site Eletrogate \url{https://www.eletrogate.com/celula-de-carga-50-kg-sensor-de-peso?utm_source=Site&utm_medium=GoogleMerchant&utm_campaign=GoogleMerchant&gclid=CjwKCAjw19z6BRAYEiwAmo64LcZIEQEjZFYQXPnvLeAYCDDhxvi6jvKI2Sg8c3_C1I7Mikh_wJV4OhoCuL0QAvD_BwE}},
  month = {},
  year={2020},
}

@misc{figura_Tela,
  title={Tela LCD 9 polegadas},
  author={MercadoLivre},
  howpublished = {Postado no site Mercado Livre \url{https://produto.mercadolivre.com.br/MLB-704386851-lcd-9-polegadas-p-cubieboard-e-raspberry-pi-hdmi-vga-av-_JM?matt_tool=86155663&matt_word=&gclid=Cj0KCQjwzbv7BRDIARIsAM-A6-2A5fInhBXmCxRuSVtPT9VCEHUfbCudZt89O5xE9jhrGr5QU4IkelEaAn3gEALw_wcB}},
  month = {},
  year={2020},
}

@misc{figura_Teclado,
  title={Mini Teclado com touchpad},
  author={MercadoLivre},
  howpublished = {Postado no site Mercado Livre \url{https://produto.mercadolivre.com.br/MLB-1629472172-7-59-teclas-sem-fio-bluetooth-30-slim-teclado-c-touch-_JM?matt_tool=90090532&matt_word=&gclid=CjwKCAjw-5v7BRAmEiwAJ3DpuEIA3zUnH1-pQ9CdpKBJ_a_O-GrK_dkUvQwuyvCY3ExUd9skerb0nBoCZjAQAvD_BwE}},
  month = {},
  year={2020},
}

@misc{Nvidia_Nano,
  title={Nvidia Jetson Nano Developer Kit},
  author={Nvidia},
  howpublished = {Postado no site Nvidia \url{https://developer.nvidia.com/embedded/jetson-nano-developer-kit}},
  month = {},
  year={2020},
}


@article{avia_HX711,
 title={24-Bit Analog-to-Digital Converter (ADC) for Weigh Scales HX711 - Data Sheet},
  author={Avia Semiconductor},
  howpublished = {\url{https://storage.googleapis.com/baudaeletronicadatasheet/HX711.pdf}},
  year={},
  publisher= {Avia}
}
@article{Telemetria_AERONALTICA,
 title={Telemetria aeronáutica com envio de dados meteorológicos e informações para correção diferencial de sistemas de radiolocalizaçã},
  author={NATÁLIA SANTANA BÁRBARA CAPELARI},
  howpublished = {\url{http://www.tcc.sc.usp.br/tce/disponiveis/18/180450/tce-16042013-142341/?&lang=br}},
  year={2012},
  publisher= {USP}
}






@misc{figura_HX711,
  title={Módulo Conversor HX711 para Sensor de Peso},
  author={FilipeFLop},
  howpublished = {Postado no site FilipeFLop \url{https://www.filipeflop.com/produto/modulo-conversor-hx711-para-sensor-de-peso/}},
  month = {},
  year={},
}

@misc{arquitetura_arm,
  title={Arquitetura ARM 64},
  author={Debian},
  howpublished = {\url{https://www.debian.org/releases/stable/arm64/}},
  month = {9},
  year={2020},
}

@misc{docker,
  title={Docker},
  author={Docker},
  howpublished = {\url{https://docs.docker.com/get-started/overview/}},
  month = {9},
  year={2020},
}

@misc{docker-compose,
  title={Docker compose},
  author={Docker compose},
  howpublished = {\url{https://docs.docker.com/compose/}},
  month = {9},
  year={2020},
}

@misc{jupyter-notebook,
  title={Jupyter Notebook},
  author={Jupyter Notebook},
  howpublished = {\url{https://jupyter-notebook.readthedocs.io/en/stable/notebook.html}},
  month = {9},
  year={2020},
}

@misc{tensorflow,
  title={Tensorflow},
  author={Tensorflow},
  howpublished = {\url{https://www.tensorflow.org/overview?hl=pt-br}},
  month = {9},
  year={2020},
}

@misc{keras,
  title={Keras},
  author={Keras},
  howpublished = {\url{https://www.tensorflow.org/guide/keras?hl=pt-br}},
  month = {9},
  year={2020},
}

@misc{scikit,
  title={Scikit},
  author={Scikit},
  howpublished = {\url{https://scikit-learn.org/stable/}},
  month = {9},
  year={2020},
}

@misc{repositorio,
  title={Repositório},
  author={Repositório},
  howpublished = {\url{https://github.com/Ground-Station}},
  month = {9},
  year={2020},
}

@misc{python,
  title={Python},
  author={Python},
  howpublished = {\url{https://www.python.org/}},
  month = {9},
  year={2020},
}

@misc{mongo-db,
  title={Mongo DB},
  author={Mongo DB},
  howpublished = {\url{https://www.mongodb.com/}},
  month = {9},
  year={2020},
}

@misc{fast-api,
  title={Fast API},
  author={Fast API},
  howpublished = {\url{https://fastapi.tiangolo.com/}},
  month = {9},
  year={2020},
}

@misc{electron,
  title={Electron},
  author={Electron},
  howpublished = {\url{https://www.electronjs.org/}},
  month = {9},
  year={2020},
}

@book{bieberstein2006service,
  title={Service-oriented architecture compass: business value, planning, and enterprise roadmap},
  author={Bieberstein, Norbert and Bose, Sanjay and Fiammante, Marc and Jones, Keith and Shah, Rawn},
  year={2006},
  publisher={FT Press}
}

@misc{caroli2014lean,
  title={Lean inception},
  author={Caroli, Paulo},
  year={2014}
}

@article{moogk2012minimum,
  title={Minimum viable product and the importance of experimentation in technology startups},
  author={Moogk, Dobrila Rancic},
  journal={Technology Innovation Management Review},
  volume={2},
  number={3},
  year={2012}
}

@article{walterconteudo,
  title={O CONTE{\'U}DO DA FORMA: SUBS{\'I}DIOS PARA SELE{\c{C}}{\~A}O DE MATERIAIS E DESIGN},
  author={WALTER, YURI},
  year={2006}
}

@article{CAMPOS,
author={C. I. Campos and F. A. R. Lahr},
title={MDF–Processo de produção, propriedades e aplicações},
journal={Congresso Brasileiro de Engenharia e Ciência dos materiais},
year={2002}}

@article{gomes,
author={Jailton Weber Gomes and Glauber Silva Godoi and Luiz Guilherme Meira de Souza and Luiz Guilherme Vieira Meira de Souza},
title={Absorção de água e propriedades mecânicas de compósitos poliméricos utilizando resíduos de MDF},
journal={Polímeros: Ciência e Tecnologia},
year={2017},
volume={27},
pages={48-55},
}

@article{eleoterio2000propriedades,
  title={Propriedades f{\'\i}sicas e mec{\^a}nicas de pain{\'e}is MDF de diferentes massas espec{\'\i}ficas e teores de resina},
  author={Eleot{\'e}rio, Jackson Roberto and Tomazello Filho, Mario and Bortoletto J{\'u}nior, Geraldo},
  journal={Ci{\^e}ncia Florestal},
  volume={10},
  number={2},
  pages={75--90},
  year={2000},
  publisher={SciELO Brasil}
}

@article{da2007avaliaccao,
  title={Avalia{\c{c}}{\~a}o da distribui{\c{c}}{\~a}o da densidade em MDF a partir da t{\'e}cnica da onda de ultra-som},
  author={Da Silva, S{\'e}rgio Augusto Mello and Gon{\c{c}}alves, Raquel},
  journal={Scientia Forestalis/Forest Sciences},
  pages={19--26},
  year={2007}
}

@article{pierin2005estudo,
  title={Estudo de estabilidade de perfis pultrudados de materiais PRFV},
  author={Pierin, Igor and others},
  year={2005},
  publisher={Florian{\'o}polis, SC}
}

@book{callister2000ciencia,
  title={Ci{\^e}ncia E Engenharia de Materiais: Uma Introdu{\c{c}}{\~a}o .},
  author={Callister, William},
  year={2000},
  publisher={Grupo Gen-LTC}
}

@article{junior2014aspectos,
  title={ASPECTOS AMBIENTAIS DA SUBSTITUI{\c{C}}{\~A}O DE COMPONENTES EM FIBRA DE FIDRO POR COMPONENTES EM ABS (ACRILONITRILA BUTADIENO ESTIRENO) EM UMA IND{\'U}STRIA DE PRODU{\c{C}}{\~A}O DE CARROCERIAS DE {\^O}NIBUS},
  author={J{\'u}nior, Jociel Sim{\~o}es and J{\'u}nior, Nelson Brambatti and Hemkemeier, Marcelo},
  journal={Ci{\^e}ncia \& Engenharia},
  volume={23},
  number={2},
  pages={33--38},
  year={2014}
}

@phdthesis{vossen2009nanocompositos,
  title={Nanocomp{\'o}sitos de ABS/PA e argilas organof{\'\i}licas.},
  author={Vossen, Cl{\'a}udio Alexander},
  year={2009},
  school={Universidade de S{\~a}o Paulo}
}

@article{santana2018estudo,
  title={Estudo comparativo entre PETG e PLA para Impress{\~a}o 3D atrav{\'e}s de caracteriza{\c{c}}{\~a}o t{\'e}rmica, qu{\'\i}mica e mec{\^a}nica},
  author={Santana, Leonardo and Alves, Jorge Lino and SABINO NETTO, Aur{\'e}lio da Costa and Merlini, Claudia},
  journal={Mat{\'e}ria, Rio de Janeiro},
  volume={23},
  number={4},
  year={2018}
}

@article{simoes2009mechanical,
  title={Mechanical properties of poly ($\varepsilon$-caprolactone) and poly (lactic acid) blends},
  author={Sim{\~o}es, CL and Viana, JC and Cunha, AM},
  journal={Journal of Applied Polymer Science},
  volume={112},
  number={1},
  pages={345--352},
  year={2009},
  publisher={Wiley Online Library}
}

@article{galli2016caracterizaccao,
  title={Caracteriza{\c{c}}{\~a}o das Propriedades Mec{\^a}nicas de Comp{\'o}sitos de Matriz de Ep{\'o}xi com Fibras de Carbono Unidirecionais},
  author={Galli, Cecilia Antunes},
  journal={Escola Polit{\'e}cnica-UFRJ},
  year={2016}
}

@misc{datasheet_carbon,
author={HexTow Hexcel},
title={HexTow IM7 carbon fiber},
journal={Product Data Sheet Hexcel},
year={2020}
}

