@article{artigo_bateria,
  title={Estudo e implementação computacional de sistema de
armazenamento de energia com conexão direta ao
sistema elétrico},
  author={Camila de Oliveira Dias},
  year={2020},
  publisher={Universidade Federal de Uberlândia}
  
}

@article{datasheet_regulador,
 title={LM2596 - Power Converter 150-kHz, 3-A Step-Down Voltage Regulator},
  author={Texas Instruments},
  year={1999}
  
}

@article{ loras,
 title={ Uma aplicação da tecnologia LoRa em um ambiente hospitalar},
  author={Jonatas Magno Tavares Ribeiro},
   year={2019},
   publisher={Departamento de Engenharia Elétrica e Eletrônica da Universidade Federal de Santa Catarina}
}


@article{ IPC-2221,
 title={ Generic Standard on Printed Board Design-IPC-2221B},
  author={Task Group},
  year={2012}
  
}

@article{datasheet_bateria,
 title={Bateria lítio ferro-fosfato LiFePO4 - UPLFP12-30},
  author={Unipower},
  year={2017},
  publisher= {São Paulo, Brasil}

}

@article{baterias,
  title= {Recarregador Inteligente de Baterias},
  author= {PASSOLD, F.POSSA, P. R.},
  year= {2006},
  publisher= {Conferência Internacional de Aplicações Industriais, Recife, PE}
}

@article{purdy2010iso,
  title={ISO 31000: 2009—setting a new standard for risk management},
  author={Purdy, Grant},
  journal={Risk Analysis: An International Journal},
  volume={30},
  number={6},
  pages={881--886},
  year={2010},
  publisher={Wiley Online Library}
  
}

@misc{cohn_RiskBurndown_blog2010,
  title={Managing Risk on Agile Projects with the Risk Burndown Chart},
  author={Mike Cohn},
  howpublished = {Blog post at Mountain Goat Software \url{https://www.mountaingoatsoftware.com/blog/managing-risk-on-agile-projects-with-the-risk-burndown-chart}},
  month = {April 8},
  year={2010},
}

@misc{AeroExpo,
  title={DGS},
  howpublished = {Drone ground station AeroExpo \url{https://www.aeroexpo.online/prod/birdpilot/product-181429-23018.html}},
  year={2010},
}

@BOOK {sutton,
    author    = "George P. Sutton",
    author    = "Oscar Biblarz",
    title     = "Rocket Propulsion Elements",
    publisher = "Wiley",
    year      = "2016",
    edition   = "9th ed."
}

@inproceedings{licorish2016adoption,
  title={Adoption and suitability of software development methods and practices},
  author={Licorish, Sherlock A and Holvitie, Johannes and Hyrynsalmi, Sami and Lepp{\"a}nen, Ville and Sp{\'\i}nola, Rodrigo O and Mendes, Thiago S and MacDonell, Stephen G and Buchan, Jim},
  booktitle={2016 23rd Asia-Pacific Software Engineering Conference (APSEC)},
  pages={369--372},
  year={2016},
  organization={IEEE}
}

@article{leite2019survey,
  title={A Survey of DevOps Concepts and Challenges},
  author={Leite, Leonardo and Rocha, Carla and Kon, Fabio and Milojicic, Dejan and Meirelles, Paulo},
  journal={ACM Computing Surveys (CSUR)},
  volume={52},
  number={6},
  pages={1--35},
  year={2019},
  publisher={ACM New York, NY, USA}
}

@article{gren2015prospects,
  title={The prospects of a quantitative measurement of agility: A validation study on an agile maturity model},
  author={Gren, Lucas and Torkar, Richard and Feldt, Robert},
  journal={Journal of Systems and Software},
  volume={107},
  pages={38--49},
  year={2015},
  publisher={Elsevier}
}

@article{gren2020agile,
  title={Agile ways of working: a team maturity perspective},
  author={Gren, Lucas and Goldman, Alfredo and Jacobsson, Christian},
  journal={Journal of Software: Evolution and Process},
  volume={32},
  number={6},
  pages={e2244},
  year={2020},
  publisher={Wiley Online Library}
}

@misc{5w1hUFMG,
 title   ={5W1H: Aprenda a Elaborar um Plano de Ação},
 url     ={https://ucj.com.br/blog/estrategia/5w1h-plano-de-acao},
 organization={UFMG},
 year= 2018,
 urlaccessdate={25 set. 2020}
}

@misc{santella_MatrizSWOT_blog2020,
  title={Tudo sobre Matriz SWOT: o que é, passo a passo e dicas para aplicar no planejamento estratégico},
  author={José Santella},
  howpublished = {Postado no Blog da EUAX Consulting \url{https://www.euax.com.br/2020/03/matriz-swot/}},
  month = {March 25},
  year={2020},
}

@MISC {capitalrocketteam2020,
    author = "Capital Rocket Team",
    title  = "CDR: Foguete Daedalus 2",
    howpublished = {No prelo. Solicitação ao autor: capitalrocketteam@gmail.com},
    year   = "2020"
}

@article{datasheet_ESP32,
 title={ESP32 Series - Datasheet},
  author={ ESPRESSIF SYSTEMS },
  howpublished = {\url{https://www.espressif.com/sites/default/files/documentation/esp32_datasheet_en.pdf}},
  year={2020},
  publisher={SHANGHAI}
}

@misc{mattede_Sensores_blog2020,
  title={O que são sensores e quais as suas aplicações?},
  author={Henrique Mattede},
  howpublished = {Postado no Blog Mundo da Elétrica \url{https://www.mundodaeletrica.com.br/o-que-sao-sensores-e-quais-as-suas-aplicacoes/}},
  month = {},
  year={2020},
}

@article{datasheet_BMP280,
 title={BMP280 Digital Pressure Sensor - Datasheet},
  author={Bosh Sensortec},
  howpublished = {\url{https://www.bosch-sensortec.com/media/boschsensortec/downloads/datasheets/bst-bmp280-ds001.pdf}},
  year={2018},
  publisher= {Bosh Sensortec}
}

@misc{figura_BMP280,
  title={Sensor de Pressão e Temperatura BMP280},
  author={ArduinoMega},
  howpublished = {Postado no site ArduinoMega \url{https://www.arduinomega.com.br/sensor-de-pressao-e-temperatura-bmp280?utm_source=Site&utm_medium=GoogleMerchant&utm_campaign=GoogleMerchant&gclid=Cj0KCQjwqrb7BRDlARIsACwGad68AEoWjak1_QuELo5fhFWaW_s0QIs4hG7icQj33YHxmeyIdL28RjwaAiXaEALw_wcB}},
  month = {},
  year={},
}

@misc{grusin_Tutorial_2018,
  title={BMP180 Barometric Pressure Sensor Hookup},
  author={Mike Grusin},
  howpublished = {Posted on Sparkfun Tutorials \url{https://learn.sparkfun.com/tutorials/bmp180-barometric-pressure-sensor-hookup-/measuring-weather-and-altitude}},
  month = {},
  year={2018},
}

@misc{cia_BMP280_2017,
  title={Use o BMP280 para medir temperatura, pressão e altitude},
  author={Arduino Cia},
  howpublished = {Postado no Blog Arduino e Cia \url{https://www.arduinoecia.com.br/bmp280-pressao-temperatura-altitude/}},
  month = {},
  year={2017},
}

@misc{fisica_GPS_2020,
  title={GPS - O que é, como funciona},
  author={Virtuous Tecnologia da Informação},
  howpublished = {Postado no Blog Só Física \url{https://www.sofisica.com.br/conteudos/curiosidades/gps.php}},
  month = {},
  year={2020},
}

@article{datasheet_GPS,
 title={NEO-6 u-blox 6 GPS Modules - Data Sheet},
  author={Ublox},
  howpublished = {\url{https://www.u-blox.com/sites/default/files/products/documents/NEO-6_DataSheet_%28GPS.G6-HW-09005%29.pdf}},
  year={},
  publisher= {Ublox}
}


@misc{figura_GPS,
  title={Módulo GPS GY-NEO6MV2 com Antena},
  author={Robocore},
  howpublished = {Postado no site RoboCore.net \url{https://www.robocore.net/loja/sensores/modulo-gps-gy-neo6mv2-com-antena?gclid=Cj0KCQjwqrb7BRDlARIsACwGad5podJqlfjI28dQa5-f1IDrr-LuDgXl38V4OW2dWrA7-_xkroNyn68aAj93EALw_wcB}},
  month = {},
  year={2020},
}

@misc{omega_celulacarga,
  title={Célula de Carga},
  author={OMEGA Engineering},
  howpublished = {Posted on OMEGA Engineering Company Blog},
  month = {},
  year={2020},
}

@misc{figura_celula,
  title={Célula De Carga 50Kg - Sensor De Peso},
  author={Eletrogate},
  howpublished = {Postado no site Eletrogate \url{https://www.eletrogate.com/celula-de-carga-50-kg-sensor-de-peso?utm_source=Site&utm_medium=GoogleMerchant&utm_campaign=GoogleMerchant&gclid=CjwKCAjw19z6BRAYEiwAmo64LcZIEQEjZFYQXPnvLeAYCDDhxvi6jvKI2Sg8c3_C1I7Mikh_wJV4OhoCuL0QAvD_BwE}},
  month = {},
  year={2020},
}

@misc{figura_Tela,
  title={Tela LCD 9 polegadas},
  author={MercadoLivre},
  howpublished = {Postado no site Mercado Livre \url{https://produto.mercadolivre.com.br/MLB-704386851-lcd-9-polegadas-p-cubieboard-e-raspberry-pi-hdmi-vga-av-_JM?matt_tool=86155663&matt_word=&gclid=Cj0KCQjwzbv7BRDIARIsAM-A6-2A5fInhBXmCxRuSVtPT9VCEHUfbCudZt89O5xE9jhrGr5QU4IkelEaAn3gEALw_wcB}},
  month = {},
  year={2020},
}

@misc{figura_Teclado,
  title={Mini Teclado com touchpad},
  author={MercadoLivre},
  howpublished = {Postado no site Mercado Livre \url{https://produto.mercadolivre.com.br/MLB-1629472172-7-59-teclas-sem-fio-bluetooth-30-slim-teclado-c-touch-_JM?matt_tool=90090532&matt_word=&gclid=CjwKCAjw-5v7BRAmEiwAJ3DpuEIA3zUnH1-pQ9CdpKBJ_a_O-GrK_dkUvQwuyvCY3ExUd9skerb0nBoCZjAQAvD_BwE}},
  month = {},
  year={2020},
}

@misc{Nvidia_Nano,
  title={Nvidia Jetson Nano Developer Kit},
  author={Nvidia},
  howpublished = {Postado no site Nvidia \url{https://developer.nvidia.com/embedded/jetson-nano-developer-kit}},
  month = {},
  year={2020},
}


@article{avia_HX711,
 title={24-Bit Analog-to-Digital Converter (ADC) for Weigh Scales HX711 - Data Sheet},
  author={Avia Semiconductor},
  howpublished = {\url{https://storage.googleapis.com/baudaeletronicadatasheet/HX711.pdf}},
  year={},
  publisher= {Avia}
}
@article{Telemetria_AERONALTICA,
 title={Telemetria aeronáutica com envio de dados meteorológicos e informações para correção diferencial de sistemas de radiolocalizaçã},
  author={NATÁLIA SANTANA BÁRBARA CAPELARI},
  howpublished = {\url{http://www.tcc.sc.usp.br/tce/disponiveis/18/180450/tce-16042013-142341/?&lang=br}},
  year={2012},
  publisher= {USP}
}

@misc{figura_bateria_maleta,
  title={Bateria de íon de lítio Dell de 9 células e 97 Wh},
  author={Dell},
  howpublished = {Postado no site Dell \url{https://www.dell.com/pt-br/work/shop/bateria-de-\%C3\%ADon-de-l\%C3\%ADtio-dell-de-9-c\%C3\%A9lulas-e-97-wh/apd/312-1325/acess\%C3\%B3rios-para-computador?gacd=9690632-15009-5761040-276815260-0&dgc=ST&cid=71700000069469182&&gclid=CjwKCAjwzvX7BRAeEiwAsXExo1tUtxG7TskeXvhdH9t6GB40hSrkh73XjtvFgADb8d0CpZXn_qSzcBoCvIQQAvD_BwE&gclsrc=aw.ds#compatibility_section/}},
  month = {outubro},
  year={2020},
}


@misc{figura_HX711,
  title={Módulo Conversor HX711 para Sensor de Peso},
  author={FilipeFLop},
  howpublished = {Postado no site FilipeFLop \url{https://www.filipeflop.com/produto/modulo-conversor-hx711-para-sensor-de-peso/}},
  month = {},
  year={},
}

@misc{arquitetura_arm,
  title={Arquitetura ARM 64},
  author={Debian},
  howpublished = {\url{https://www.debian.org/releases/stable/arm64/}},
  month = {9},
  year={2020},
}

@misc{docker,
  title={Docker},
  author={Docker},
  howpublished = {\url{https://docs.docker.com/get-started/overview/}},
  month = {9},
  year={2020},
}

@misc{docker-compose,
  title={Docker compose},
  author={Docker compose},
  howpublished = {\url{https://docs.docker.com/compose/}},
  month = {9},
  year={2020},
}

@misc{jupyter-notebook,
  title={Jupyter Notebook},
  author={Jupyter Notebook},
  howpublished = {\url{https://jupyter-notebook.readthedocs.io/en/stable/notebook.html}},
  month = {9},
  year={2020},
}

@misc{tensorflow,
  title={Tensorflow},
  author={Tensorflow},
  howpublished = {\url{https://www.tensorflow.org/overview?hl=pt-br}},
  month = {9},
  year={2020},
}

@misc{keras,
  title={Keras},
  author={Keras},
  howpublished = {\url{https://www.tensorflow.org/guide/keras?hl=pt-br}},
  month = {9},
  year={2020},
}

@misc{scikit,
  title={Scikit},
  author={Scikit},
  howpublished = {\url{https://scikit-learn.org/stable/}},
  month = {9},
  year={2020},
}

@misc{repositorio,
  title={Repositório},
  author={Repositório},
  howpublished = {\url{https://github.com/Ground-Station}},
  month = {9},
  year={2020},
}

@misc{python,
  title={Python},
  author={Python},
  howpublished = {\url{https://www.python.org/}},
  month = {9},
  year={2020},
}

@misc{mongo-db,
  title={Mongo DB},
  author={Mongo DB},
  howpublished = {\url{https://www.mongodb.com/}},
  month = {9},
  year={2020},
}

@misc{fast-api,
  title={Fast API},
  author={Fast API},
  howpublished = {\url{https://fastapi.tiangolo.com/}},
  month = {9},
  year={2020},
}

@misc{Electron,
Author = {OpenJS},
Title = {Documentação do Electron},
Url = {http://www.electronjs.org/},
Urlacessdate = {24 out. 2020},
Year = {2020}}


@book{bieberstein2006service,
  title={Service-oriented architecture compass: business value, planning, and enterprise roadmap},
  author={Bieberstein, Norbert and Bose, Sanjay and Fiammante, Marc and Jones, Keith and Shah, Rawn},
  year={2006},
  publisher={FT Press}
}

@misc{caroli2014lean,
  title={Lean inception},
  author={Caroli, Paulo},
  year={2014}
}

@article{moogk2012minimum,
  title={Minimum viable product and the importance of experimentation in technology startups},
  author={Moogk, Dobrila Rancic},
  journal={Technology Innovation Management Review},
  volume={2},
  number={3},
  year={2012}
}

@article{mapamental,
  title={USO DE MAPAS MENTAIS PARA A   ESPECIFICAÇÃO DE
REQUISITOS},
  author={Daniel Huebes Haendchen, Osmar de Oliveira Braz Junior},
  journal={Revista Científica do Alto vale do Itajaí},
  year={2015}
}

@article{walterconteudo,
  title={O CONTE{\'U}DO DA FORMA: SUBS{\'I}DIOS PARA SELE{\c{C}}{\~A}O DE MATERIAIS E DESIGN},
  author={WALTER, YURI},
  year={2006}
}

@article{CAMPOS,
author={C. I. Campos and F. A. R. Lahr},
title={MDF–Processo de produção, propriedades e aplicações},
journal={Congresso Brasileiro de Engenharia e Ciência dos materiais},
year={2002}}

@article{gomes,
author={Jailton Weber Gomes and Glauber Silva Godoi and Luiz Guilherme Meira de Souza and Luiz Guilherme Vieira Meira de Souza},
title={Absorção de água e propriedades mecânicas de compósitos poliméricos utilizando resíduos de MDF},
journal={Polímeros: Ciência e Tecnologia},
year={2017},
volume={27},
pages={48-55},
}

@article{eleoterio2000propriedades,
  title={Propriedades f{\'\i}sicas e mec{\^a}nicas de pain{\'e}is MDF de diferentes massas espec{\'\i}ficas e teores de resina},
  author={Eleot{\'e}rio, Jackson Roberto and Tomazello Filho, Mario and Bortoletto J{\'u}nior, Geraldo},
  journal={Ci{\^e}ncia Florestal},
  volume={10},
  number={2},
  pages={75--90},
  year={2000},
  publisher={SciELO Brasil}
}

@article{da2007avaliaccao,
  title={Avalia{\c{c}}{\~a}o da distribui{\c{c}}{\~a}o da densidade em MDF a partir da t{\'e}cnica da onda de ultra-som},
  author={Da Silva, S{\'e}rgio Augusto Mello and Gon{\c{c}}alves, Raquel},
  journal={Scientia Forestalis/Forest Sciences},
  pages={19--26},
  year={2007}
}

@article{pierin2005estudo,
  title={Estudo de estabilidade de perfis pultrudados de materiais PRFV},
  author={Pierin, Igor and others},
  year={2005},
  publisher={Florian{\'o}polis, SC}
}

@book{callister2000ciencia,
  title={Ci{\^e}ncia E Engenharia de Materiais: Uma Introdu{\c{c}}{\~a}o .},
  author={Callister, William},
  year={2000},
  publisher={Grupo Gen-LTC}
}

@article{junior2014aspectos,
  title={ASPECTOS AMBIENTAIS DA SUBSTITUI{\c{C}}{\~A}O DE COMPONENTES EM FIBRA DE FIDRO POR COMPONENTES EM ABS (ACRILONITRILA BUTADIENO ESTIRENO) EM UMA IND{\'U}STRIA DE PRODU{\c{C}}{\~A}O DE CARROCERIAS DE {\^O}NIBUS},
  author={J{\'u}nior, Jociel Sim{\~o}es and J{\'u}nior, Nelson Brambatti and Hemkemeier, Marcelo},
  journal={Ci{\^e}ncia \& Engenharia},
  volume={23},
  number={2},
  pages={33--38},
  year={2014}
}

@phdthesis{vossen2009nanocompositos,
  title={Nanocomp{\'o}sitos de ABS/PA e argilas organof{\'\i}licas.},
  author={Vossen, Cl{\'a}udio Alexander},
  year={2009},
  school={Universidade de S{\~a}o Paulo}
}

@article{santana2018estudo,
  title={Estudo comparativo entre PETG e PLA para Impress{\~a}o 3D atrav{\'e}s de caracteriza{\c{c}}{\~a}o t{\'e}rmica, qu{\'\i}mica e mec{\^a}nica},
  author={Santana, Leonardo and Alves, Jorge Lino and SABINO NETTO, Aur{\'e}lio da Costa and Merlini, Claudia},
  journal={Mat{\'e}ria, Rio de Janeiro},
  volume={23},
  number={4},
  year={2018}
}

@article{simoes2009mechanical,
  title={Mechanical properties of poly ($\varepsilon$-caprolactone) and poly (lactic acid) blends},
  author={Sim{\~o}es, CL and Viana, JC and Cunha, AM},
  journal={Journal of Applied Polymer Science},
  volume={112},
  number={1},
  pages={345--352},
  year={2009},
  publisher={Wiley Online Library}
}

@article{galli2016caracterizaccao,
  title={Caracteriza{\c{c}}{\~a}o das Propriedades Mec{\^a}nicas de Comp{\'o}sitos de Matriz de Ep{\'o}xi com Fibras de Carbono Unidirecionais},
  author={Galli, Cecilia Antunes},
  journal={Escola Polit{\'e}cnica-UFRJ},
  year={2016}
}

@misc{datasheet_carbon,
author={HexTow Hexcel},
title={HexTow IM7 carbon fiber},
journal={Product Data Sheet Hexcel},
year={2020}
}

@misc{faixafreq,
author={teleco},
title={
WLAN X Sistemas Móveis Celulares: Faixas de Frequências},
  howpublished = {\url{https://www.teleco.com.br/tutoriais/tutorialwlanx/pagina_3.asp}},
  month = {10},
  year={2020},
}

@misc{resolucao726,
author={ANATEL},
title={Resolução nº 726},
  howpublished = {\url{https://www.anatel.gov.br/legislacao/resolucoes/2020/1411-resolucao-726#art2}},
  month = {05},
  year={2020},
}


@article{transmissaoLoRa,
  title={Análise e Construção de um Geolocalizador
via Wi-fi BSSID com transmissão LoRa},
  author={Nahan Barreiros},
  journal={Centro de Tecnologia e Urbanismo
Departamento de Engenharia Elétrica - Universidade Estadual de Londrina
},
  year={2019}
}
 
 
 @article{desepenhoLoRa,
  title={Caracterizac¸ao de Desempenho de uma Rede LoRa em 
Ambientes Urbanos: Simula{\c{c}}{\~a}o vs. Pratica},
  author={Fernando M. Ortiz, Thales T. Almeida, Ana Elisa Ferreira, Lu{í}s Henrique M. K. Costa },
  journal={Universidade Federal do Rio de Janeiro,Centro Federal de Educac¸ao Tecnol ˜ ogica de Minas Gerais, 3Centro Federal de Educac¸ao Tecnol ˜ ogica Celso Suckow da Fonseca},
  year={2019}
}

@misc{javascript-backend,
  title={Event Loop in Javascript},
  author={Zubin Sachdeva},
  howpublished = {Posted on Medium \url{https://medium.com/@zubin.2406/event-loop-in-javascript-873ef2bddb7c}},
  month = {10},
  year={2019},
}

@article{vangundy1984brain,
  title={Brain writing for new product ideas: an alternative to brainstorming},
  author={VanGundy, Arthur B},
  journal={Journal of Consumer Marketing},
  year={1984},
  publisher={MCB UP Ltd}
}

@article{shams2018developing,
  title={Developing machine learning products better and faster at startups},
  author={Shams, Rushdi},
  journal={IEEE Engineering Management Review},
  volume={46},
  number={3},
  pages={36--39},
  year={2018},
  publisher={IEEE}
}

@inproceedings{amershi2019software,
  title={Software engineering for machine learning: A case study},
  author={Amershi, Saleema and Begel, Andrew and Bird, Christian and DeLine, Robert and Gall, Harald and Kamar, Ece and Nagappan, Nachiappan and Nushi, Besmira and Zimmermann, Thomas},
  booktitle={2019 IEEE/ACM 41st International Conference on Software Engineering: Software Engineering in Practice (ICSE-SEIP)},
  pages={291--300},
  year={2019},
  organization={IEEE}
}

@inproceedings{yandong2005development,
  title={Development of Life Originated Artificial Designer System},
  author={Yandong, Wang and Kezheng, Huang},
  booktitle={Third International Conference on Information Technology and Applications (ICITA'05)},
  volume={1},
  pages={319--324},
  year={2005},
  organization={IEEE}
}

@book{wilson2013interview,
  title={Interview techniques for UX practitioners: A user-centered design method},
  author={Wilson, Chauncey},
  year={2013},
  publisher={Newnes}
}

@inproceedings{li2004formal,
  title={A formal semantics of UML sequence diagram},
  author={Li, Xiaoshan and Liu, Zhiming and Jifeng, He},
  booktitle={2004 Australian Software Engineering Conference. Proceedings.},
  pages={168--177},
  year={2004},
  organization={IEEE}
}


@book{TecnicasdeProjetosPCI,
  title={Técnicas de Projetos Eletrônicos com os Microcontroladores AVR. },
  author={ Charles Borges de Lima},
  year={2010},
  publisher={Edição do autor - Clube de Autores, 1ª ed. }
}

@article{ServerAndClient,
  title={Comparison between client-side and server-side rendering in the web development.},
  author={FADHILAH ISKANDAR, T. et al},
  journal={IOP Conference Series: Materials Science and Engineering},
  volume={801},
  number={3},
  pages={2-3},
  year={2020},
  publisher={IOP}
}

@misc{Ajax,
Author = {Mozilla},
Title = {Ajax},
Url = {https://developer.mozilla.org/pt-BR/docs/Web/Guide/AJAX},
Urlacessdate = {24 out. 2020},
Year = {2020}}

@misc{Promise,
Author = {Mozilla},
Title = {Promise},
Url = {https://developer.mozilla.org/pt-BR/docs/Web/JavaScript/Reference/Global_Objects/Promise},
Urlacessdate = {24 out. 2020},
Year = {2020}}

@misc{Vue,
Author = {Autocode},
Title = {Vue.js},
Url = {https://br.vuejs.org/},
Urlacessdate = {24 out. 2020},
Year = {2020}}

@misc{Rethink,
Author = {Free Node},
Title = {Rethink DB},
Url = {https://rethinkdb.com/},
Urlacessdate = {24 out. 2020},
Year = {2020}}

@misc{serialport,
Author = {Node},
Title = {Serial Port},
Url = {https://serialport.io/},
Urlacessdate = {24 out. 2020},
Year = {2020}
}

@misc{ChainFigura,
Author = {Refactoring Guru},
Title = {Chain of Responsability design pattern},
Url = {https://refactoring.guru/pt-br/design-patterns/chain-of-responsibility},
Urlacessdate = {24 out. 2020},
Year = {2020}
}

@misc{Adapter,
Author = {wikipedia},
Title = {Adapter},
Url = {https://sourcemaking.com/design_patterns/adapter},
Urlacessdate = {24 out. 2020},
Year = {2020}
}

@misc{Loopback,
Author = {IBM},
Title = {LoopBack},
Url = {https://loopback.io/},
Urlacessdate = {24 out. 2020},
Year = {2020}
}

@book{Chain,
  title={Design Patterns - Elements of Reusable Object-Oriented Software},
  author={ Erich Gamma},
  year={1994},
  publisher={Addison-Wesley Professional; 1ª Edição }
}

@book{NoSQL,
  title={Schemaless Application Development with
Oracle Database 12c Release 2 },
  author={Oracle},
  year={2017},
  publisher={Oracle White Paper }
}

@article{de2011fundamentos,
  title={Sobre os fundamentos da arquitetura da informa{\c{c}}{\~a}o},
  author={de Albuquerque, Alfram Roberto Rodrigues and Marques, Mamede Lima},
  journal={Perspectivas em Gest{\~a}o \& Conhecimento},
  volume={1},
  number={1},
  pages={60--72},
  year={2011},
  publisher={Centro de Ci{\^e}ncias Sociais Aplicadas}
}

@phdthesis{brito2016usabilidade,
  title={Usabilidade e Design de Interfaces para uma Aplica{\c{c}}{\~a}o Web da Premium Minds},
  author={Brito, Francisco Fernandes Faia Villa de},
  year={2016}
}
 
@misc{Propriedades_termofisicas,
  title={Propriedades termof{\´i}sicas de sistemas fluidos},
  author={Nist},
  howpublished = {\url{https://webbook.nist.gov/chemistry/fluid/}},
  month = {9},
  year={2020},
}

@article{bateria_litio,
  title={Baterias de Lítio},
  author={Aldo Michelini},
  year={2020},
  publisher={Sistemas e Tecnologia Aplicada Ind. Com. LTDA.}
  
}

@article{NBR5410,
  title={NBR 5410/2004 Instalações elétricas de baixa tensão.},
  author={ABNT},
  year={2004},
  
 }
 
 @article{aplicacaolora,
  title={Uma aplicação da tecnologia LoRa em um ambiente hospitalar.},
  author={Jonatas Magno Tavares Ribeiro},
  year={2019},
  
 }
 
 @article{aplicacaoloratabela,
  title={Manual de Utilização Módulo LoRaMESH.},
  author={Radioenge},
  year={2018},
  
 } 
 
 
  @article{lorasf,
  title={ Module-Level Monitoring Of Solar PV Plants Using Wireless Sensor Networks.},
  author={.E. Shuda, A.J. Rix, M.J. Booysen },
  year={2017},
  
 } 
 
  @article{lorasf1,
  title={ LoRa-Hybrid: A LoRaWAN Based multihop solution for regional microgrid},
  author={Weiwei Zho, Ziyuan Tong },
  year={2019},
 
 } 

@misc{CALIBRACAO,
  title={Calibração de Sensores na prática},
  author={Matheus Pereira},
  howpublished = {\url{https://www.embarcados.com.br/calibracao-de-sensores-na-pratica/}},
  month = {3},
  year={2020},
}

@misc{CALIBRACAO_tutorial,
  title={Balança digital com Arduino e célula Strain Gauge – Revisada},
  author={Victor Vidal},
  howpublished = {\url{https://blog.eletrogate.com/balanca-digital-com-arduino-aprenda-a-usar-a-celula-de-carga/#:~:text=Passos\%20para\%20Calibra\%C3\%A7\%C3\%A3o\%20\%3A,10\%2C100\%2C1000\%2C10000\%20respectivamente\%20ou}},
  month = {11},
  year={2017},
}


@article{pci,
  title={Proteção de placas eletrônicas em ambientes agressivos},
  author={Andréia da Silva, José Maria Campos Fernandes},
  year={2013},
  
 }
 
 
 @article{CONCEITOpci,
  title={CONCEITOS FUNDAMENTAIS SOBRE PLACAS DE CIRCUITO IMPRESSO},
  author={EWALDO LUIZ DE MATTOS MEHL},
  year={2013},
  
 }
 
 
 
 
 
 @misc{Adafruit,
  title={Adafruit BMP280 Library},
  author={Adafruit},
  howpublished = {\url{https://www.arduinolibraries.info/libraries/adafruit-bmp280-library}},
  month = {},
  year={},
}

 @misc{PonteH_Teoria,
  title={Ponte H – O que é e como funciona},
  author={Fábio Guimaraes},
  howpublished = {\url{http://mundoprojetado.com.br/ponte-h-o-que-e-e-como-funciona/}},
  month = {4},
  year={2018},
}

 @misc{PonteH_Datasheet,
  title={L298 DUAL FULL-BRIDGE DRIVER - Datasheet},
  author={STMicroelectronics},
  howpublished = {\url{https://img.filipeflop.com/files/download/Datasheet_L298_Ponte_H.pdf}},
  month = {1},
  year={2020},
}

 @misc{PonteH_mod,
  title={Driver Motor Ponte H L298n},
  author={FILIPEFLOP},
  howpublished = {\url{https://www.filipeflop.com/produto/driver-motor-ponte-h-l298n/}},
  month = {},
  year={},
}

@misc{Conversor_logico,
  title={Como usar com Arduino – Conversor de Nível Lógico 3.3V / 5V},
  author={Euler Oliveira},
  howpublished = {\url{https://blogmasterwalkershop.com.br/arduino/como-usar-com-arduino-conversor-de-nivel-logico-3-3v-5v/}},
  month = {},
  year={},
}

@misc{Conv_logico,
  title={CONVERSOR DE NÍVEL LÓGICO BIDIRECIONAL I2C 5V - 3,3V},
  author={ARDUCORE},
  howpublished = {\url{https://www.arducore.com.br/conversor-de-nivel-logico-bidirecional-i2c-5v-33v?utm_source=Site&utm_medium=GoogleMerchant&utm_campaign=GoogleMerchant&gclid=Cj0KCQjwuL_8BRCXARIsAGiC51Am94Hsu8alxmoi6kZd8pwH8wmpaU8iJm7gpokCFdDvda745KR0AO8aAlx5EALw_wcB}},
  month = {},
  year={},
}

@misc{rele_two,
  title={SRD-12VDC-SL-C Datasheet Songle Relay},
  author={SONGLE},
  howpublished = {\url{https://img.filipeflop.com/files/download/Datasheet_Rele_5V.pdf}},
  month = {},
  year={},
}

@misc{rele_photo,
  title={Módulo Relé 5V 2 Canais},
  author={FILIPEFLOP},
  howpublished = {\url{https://www.filipeflop.com/produto/modulo-rele-5v-2-canais/}},
  month = {},
  year={},
}

@ONLINE {azomaterials,
    author = "AZO Materials",
    title  = "Emulsion Polymerised Styrene Butadiene Rubber (E-SBR) – Mechanical, Electrical and Cure Properties and Resistance to Fluids",
    year = 2020,
    url    = "https://www.azom.com/properties.aspx?ArticleID=1844"
}
@ONLINE {makeitfrom.com,
    author = "MakeItFrom.com",
    title  = "Medium Density Fiberboard (MDF)",
    year = 2020,
    url    = "https://www.makeitfrom.com/material-properties/Medium-Density-Fiberboard-MDF"
}

@article{lilley2004development,
  title={The development and evaluation of a software prototype for computer-adaptive testing},
  author={Lilley, Mariana and Barker, Trevor and Britton, Carol},
  journal={Computers \& Education},
  volume={43},
  number={1-2},
  pages={109--123},
  year={2004},
  publisher={Elsevier}
}

@article{abras2004user,
  title={User-centered design},
  author={Abras, Chadia and Maloney-Krichmar, Diane and Preece, Jenny and others},
  journal={Bainbridge, W. Encyclopedia of Human-Computer Interaction. Thousand Oaks: Sage Publications},
  volume={37},
  number={4},
  pages={445--456},
  year={2004}
}

@MISC {rogerapazavasquez2017,
    author       = "Roger Apaza Vasquez",
    title        = "PROPULSOR HÍBRIDO COMPACTO DE QUEIMADUAL E INJEÇÃO VORTICAL USANDO PARAFINA EÓXIDO NITROSO",
    howpublished = "http://mtc-m21b.sid.inpe.br/col/sid.inpe.br/mtc-m21b/2017/05.23.03.35/doc/publicacao.pdf",
    year         = "2017"
}

@BOOK {hughd.young;rogera.freedman2008,
    author    = "Hugh D. Young; Roger A. Freedman",
    title     = "Física I: Mecânica",
    publisher = "Pearson",
    year      = "2008"
}

@misc{ignitor,
  title={Datasheet fio Níquel- Cromo.},
  author={Supersteel},
  howpublished = {\url{http://www.supersteel.com.br/niquel-cromo/produto/fios-e-fitas/niquel-cromo/8020-nikrotal-80/}},
  month = {},
  year={2020},
}

@misc{retificador,
  title={Retificadores.},
  author={Marcelo Wendling},
  howpublished = {\url{https://www.feg.unesp.br/Home/PaginasPessoais/ProfMarceloWendling/3---retificadores.pdf}},
  month = {Agosto},
  year={2011},
}

@BOOK{transformadores,
    author    = {Irving Lionel Kosow},
    title     = {Máquinas elétricas e transformadores.},
    publisher = {Porto Alegre},
    year      = {1982},
}

@ONLINE {edufer2020,
    author = "Edufer",
    title  = "Tabela de fio Níquel-Cromo ou Nicromo (NiCr) para resistores",
    year   = "2020",
    url    = "https://www.edufer.com.br/tabela-fio-niquel-cromo/"
}

@BOOK{hipsometric,
    author    = {John Nielsen-Gammon},
    title     = {ATMO 251 - Weather Observation and Analysis. Chapter 8},
    publisher = {Texas A&M University },
    year      = {},
}

@BOOK{VIM_CALIBRACAO,
    author    = {BIML-VIML},
    title     = {International Vocabulary of terms in Legal Metrology (VIML)- OIML  V 1 Edition 2013.},
    publisher = {OIML},
    year      = {2013},
}

@misc{strain_gauge,
  title={Extensômetria (Strain Gauge) – O que é? Quando utilizar?},
  author={José Guilherme},
  howpublished = {\url{https://ensus.com.br/extensometria-strain-gauge-o-que-e-quando-utilizar/}},
  month = {Março},
  year={2016},
}

@ONLINE {HUNION,
    author = "HUNION",
    title  = "Segurança Eletrônica",
    year = 2020,
    url    = "https://www.hunion.com.br/auto-transformador/transformador-trafo/transformador-trafo-30-30v-1a-bivolt-eletronica"
}

@article{vechet,
author = {Vechet, Stanislav and Krejsa, Jiri},
year = {2009},
month = {01},
pages = {},
title = {Hydraulic Arm Modeling via Matlab SimHydraulics},
volume = {16},
journal = {Engineering Mechanics}
}

@article{dasgupta2000,
author = {Dasgupta, K.},
year = {2000},
month = {10},
pages = {1481-1499},
title = {Analysis of a hydrostatic transmission system using low speed high torque motor},
volume = {35},
journal = {Mechanism and Machine Theory},
doi = {10.1016/S0094-114X(00)00005-7}
}

@article{henao,
author = {Henao-Bravo, Elkin and Marquez-Viloria, David and Castrillon, Javier and Isaza, Jhon and Arroyave, Jose and Ramiez, Juan},
year = {2017},
month = {04},
pages = {87-96},
title = {Low-Cost Electronic Opening Control Valve},
volume = {12},
journal = {TECCIENCIA},
doi = {10.18180/tecciencia.2017.22.10}
}

@article{murrenhoff,
  title={Systematic approach to the control of hydrostatic drives},
  author={Murrenhoff, H},
  journal={Proceedings of the Institution of Mechanical Engineers, Part I: Journal of Systems and Control Engineering},
  volume={213},
  number={5},
  pages={333--347},
  year={1999},
  publisher={SAGE Publications Sage UK: London, England}
}

@article{manring,
  title={Modeling and designing a hydrostatic transmission with a fixed-displacement motor},
  author={Manring, ND and Luecke, Greg R},
  year={1998}
}

@article{somnath,
author = {Dasgupta, K. and Watton, J. and Pan, Somnath},
year = {2006},
month = {03},
pages = {262-282},
title = {Open-loop dynamic performance of a servo-valve controlled motor transmission system with pump loading using steady-state characteristics},
volume = {41},
journal = {Mechanism and Machine Theory},
doi = {10.1016/j.mechmachtheory.2005.06.005}
}

@misc{ponte_wheatstone,
  title={Mundo da Educação - Ponte de Wheatstone},
  author={Rafael Helerbrock},
  howpublished = {\url{https://mundoeducacao.uol.com.br/fisica/ponte-wheatstone.htm}},
  month = {},
  year={},
}

@misc{half_wheatstone,
  title={Balança digital com Arduino e célula Strain Gauge – Revisada},
  author={VITOR VIDAL},
  howpublished = {\url{https://mundoeducacao.uol.com.br/fisica/ponte-wheatstone.htm}},
  month = {Novembro},
  year={2017},
}

@misc{mdf_site01,
  title={Mdf tudo que você precisa saber sobre esse material},
  author={Ana Camila Vieira},
  howpublished = {Habitissimo \url{https://projetos.habitissimo.com.br/projeto/material-da-semana-mdf}},
  year={2016},
}

@misc{mdf_site02,
  title={Chapa por Metro de Madeira MDF},
  author={Leroy Merlin},
  howpublished = {\url{https://www.leroymerlin.com.br/mdf}},
  year={2020},
}

@misc{propriedades_mdf,
  title={Propriedades de painéis MDF de Eucalipto},
  author={REVISTA DA MADEIRA},
  howpublished = { \url{http://www.remade.com.br/br/revistadamadeira_materia.php?num=1496&subject=Pain\%C3\%A9is&title=Propriedades\%20de\%20pain\%C3\%A9is\%20MDF\%20de\%20Eucalipto}},
  month = {Novembro},
  year={2010},
}

@misc{fc_placa,
  title={Folha de fibra de carbono flexível de alta dureza forte conveniente, placa de fibra de carbono, para arquiteto de renovação doméstica},
  author={Easy Shopping},
  howpublished = { Americanas \url{https://www.americanas.com.br/produto/2312580374?opn=YSMESP&size=Brilhante\%20230\%20*\%20170\%20*\%201\%2C5\%20mm}},
  year={2020},
}

@misc{fc_kit,
  title={Kit: Laminação em Fibra de Carbono },
  author={REDELEASE},
  howpublished = {ELO7 \url{https://www.elo7.com.br/kit-laminacao-em-fibra-de-carbono-0-70-m/dp/A93978}},
  year={2020},
}

@article{HOLOS5320,
	author = {Ricardo Alex Cunha e Jayna Santos e Renata Felipe e Raimundo Felipe},
	title = {COMPORTAMENTO MECÂNICO DO COMPÓSITO PRFV QUANDO IMERSO EM ÁGUA DO MAR POR TEMPO PROLONGADO},
	journal = {HOLOS},
	volume = {4},
	number = {0},
	year = {2017},
	issn = {1807-1600},	pages = {78--87},	doi = {10.15628/holos.2017.5320},
	url = {http://www2.ifrn.edu.br/ojs/index.php/HOLOS/article/view/5320}
}

@article{vanicomparaccao,
  title={COMPARA{\c{C}}{\~A}O DAS PROPRIEDADES MEC{\^A}NICAS DE COMP{\'O}SITOS PRFV OBTIDOS PELOS PROCESSOS DE LAMINA{\c{C}}{\~A}O CONT{\'I}NUA E PULTRUS{\~A}O.},
  author={Vani, GC and Cardoso, PHS and Guimar{\~a}es, VA and Israel, CL}
}

@misc{pla,
  title={PLA BRANCO | 1,75mm | 1 Kg | CLIEVER},
  author={CLIEVER},
  howpublished = {CLIEVER \url{https://www.cliever.com/produto/pla-branco-1-75mm-1-kg-cliever-288?gclid=CjwKCAiAtej9BRAvEiwA0UAWXj2n0PQvXpE_vnuFeuEf0Lem-4YCkwwtW_-vwrNWDRNOm8VowD20ihoCIoIQAvD_BwE}},
  year={2020},
}

@article{santana2018comparative,
  title={A comparative study between PETG and PLA for 3D Printing through thermal, chemical and mechanical characterization},
  author={Santana, Leonardo and Alves, Jorge Lino and Sabino Netto, Aur{\'e}lio da Costa and Merlini, Claudia},
  journal={Mat{\'e}ria (Rio de Janeiro)},
  volume={23},
  number={4},
  year={2018},
  publisher={SciELO Brasil}
}

@misc{abs01,
  title={ABS BRANCO | 1,75mm | 1 Kg | CLIEVER},
  author={CLIEVER},
  howpublished = {CLIEVER \url{https://www.cliever.com/produto/abs-branco-1-75mm-1-kg-cliever-279?gclid=CjwKCAiAtej9BRAvEiwA0UAWXq77uR37dG8z7vWzGoglNjoJMaoCyrcHkXnOTQoQMysqp-db1RN6ixoCPbgQAvD_BwE}},
  year={2020},
}

@misc{abs,
  title={Conheça as propriedades técnicas dos materiais para impressora 3D},
  author={3dlab},
  howpublished = {3dlab \url{https://3dlab.com.br/propriedades-dos-materiais-para-impressora-3d/}},
  year={2020},
}

@misc{EPM,
  title={Borracha de Etileno Propileno(EPM)},
  author={CTB},
  howpublished = { \url{https://www.ctborracha.com/borracha-sintese-historica/materias-primas/borrachas/borrachas-sinteticas/5279-2/}},
  year={2019},
}

@misc{SBR,
  title={Borracha de estireno (SBR)},
  author={CTB},
  howpublished = { \url{https://www.ctborracha.com/borracha-sintese-historica/materias-primas/borrachas/borrachas-sinteticas/borracha-de-estireno-butadieno-sbr/}},
  year={2019},
}

@misc{IR,
  title={Borracha de Poliisopreno(IR)},
  author={CTB},
  howpublished = { \url{https://www.ctborracha.com/borracha-sintese-historica/materias-primas/borrachas/borrachas-sinteticas/borracha-de-poliisopreno-ir/}},
  year={2019},
}@misc{EPM,
  title={Borracha de Etileno Propileno(EPM)},
  author={CTB},
  howpublished = { \url{https://www.ctborracha.com/borracha-sintese-historica/materias-primas/borrachas/borrachas-sinteticas/5279-2/}},
  year={2019},
}

@misc{SBR,
  title={Borracha de estireno (SBR)},
  author={CTB},
  howpublished = { \url{https://www.ctborracha.com/borracha-sintese-historica/materias-primas/borrachas/borrachas-sinteticas/borracha-de-estireno-butadieno-sbr/}},
  year={2019},
}

@misc{IR,
  title={Borracha de Poliisopreno(IR)},
  author={CTB},
  howpublished = { \url{https://www.ctborracha.com/borracha-sintese-historica/materias-primas/borrachas/borrachas-sinteticas/borracha-de-poliisopreno-ir/}},
  year={2019},
}

@misc{Deploy-Jetson,
  title={Running and Building ARM Docker Containers on x86},
  author={STEREO LABS},
  howpublished = { \url{https://www.stereolabs.com/docs/docker/building-arm-container-on-x86/}},
  year={2020},
}

@inproceedings{microservice,
author = {Villamizar, Mario and Garcés, Oscar and Castro, Harold and Verano Merino, Mauricio and Salamanca, Lorena and Casallas, Rubby and Gil, Santiago},
year = {2015},
month = {10},
pages = {},
title = {Evaluating the monolithic and the microservice architecture pattern to deploy web applications in the cloud},
doi = {10.1109/ColumbianCC.2015.7333476}
}